@article{Okuda3
year={2015},
issn={1617-7959},
journal={Biomechanics and Modeling in Mechanobiology},
volume={14},
number={2},
doi={10.1007/s10237-014-0613-5},
title={Vertex dynamics simulations of viscosity-dependent deformation during tissue morphogenesis},
url={http://dx.doi.org/10.1007/s10237-014-0613-5},
publisher={Springer Berlin Heidelberg},
keywords={Multicellular morphogenesis; Dynamic deformation process; Viscous property; Vertex dynamics model; Computational biomechanics; Developmental biomechanics},
author={Okuda, Satoru and Inoue, Yasuhiro and Eiraku, Mototsugu and Adachi, Taiji and Sasai, Yoshiki},
pages={413-425},
language={English}
}
